@book{Hunklinger,
    url = {https://doi.org/10.1515/9783110567755},
    title = {Festkörperphysik},
    author = {Siegfried Hunklinger},
    publisher = {De Gruyter Oldenbourg},
    address = {Berlin, Boston},
    doi = {doi:10.1515/9783110567755},
    isbn = {9783110567755},
    year = {2018},
    lastchecked = {2024-08-20}
}

@book{Ashcroft,
    title = {Solid state physics},
    author = {Ashcroft, Neil W. and Mermin, N. David},
    address = {Belmont, CA u.a.},
    publisher = {Brooks/Coole Cengage Learning},
    year = {2010},
    edition = {36. [repr.]},
    isbn = {9780030839931},
    isbn = {0030839939},
    language = {English},
    note = {Hier auch später erschienene, unveränderte Nachdrucke},
    url = {http://bvbr.bib-bvb.de:8991/F?func=service&doc_library=BVB01&doc_number=015487196&line_number=0001&func_code=DB_RECORDS&service_type=MEDIA},
    url = {https://katalog.ub.uni-leipzig.de/Record/0-1603480269}
}

@Article{pld,
    author = {Shepelin, Nick A. and Tehrani, Zahra P. and Ohannessian, Natacha and Schneider, Christof W. and Pergolesi, Daniele and Lippert, Thomas},
    title = {A practical guide to pulsed laser deposition},
    journal = {Chem. Soc. Rev.},
    year = {2023},
    volume = {52},
    issue = {7},
    pages = {2294-2321},
    publisher = {The Royal Society of Chemistry},
    doi = {10.1039/D2CS00938B},
    url = {http://dx.doi.org/10.1039/D2CS00938B},
}

@manual{afm-handbuch,
    title = {XE-150. High Accuracy Large Sample SPM},
    subtitle = {User's Manual},
    organization = {Park Systems},
    year = {2002},
}

@book{afm-buch,
title = {Atomic Force Microscopy},
series = {NanoScience and Technology},
author = {Voigtlander, Bert},
address = {Cham},
publisher = {Springer Nature Switzerland AG},
address = {GB},
publisher = {Springer-Verlag Berlin and Heidelberg GmbH & Co. KG},
address = {AU},
publisher = {about3 Pty Ltd},
year = {2020},
edition = {2nd ed. 2019.},
pages = {331},
isbn = {9783030136567 (pbk.) :},
isbn = {3030136566 (pbk.) :},
language = {English},
note = {1 Paperback / softback.},
note = {No outer packaging.},
url = {https://katalog.ub.uni-leipzig.de/Record/3-9783030136567}
}